@article{arratia1988stochastic,
  title={Stochastic scrabble: large deviations for sequences with scores},
  author={Arratia, Richard and Morris, Pricilla and Waterman, Michael S},
  journal={Journal of applied probability},
  volume={25},
  number={01},
  pages={106--119},
  year={1988},
  publisher={Cambridge Univ Press}
}

